
@Book{kalbfleisch:prentice,
  author =	 {Kalbfleisch, J. D. and Prentice, R. L.},
  ALTeditor = 	 {},
  title = 	 {The statistical analysis of failure time data},
  publisher = 	 {John Wiley},
  year = 	 {2002},
  OPTkey = 	 {},
  OPTvolume = 	 {},
  OPTnumber = 	 {},
  OPTseries = 	 {},
  address =	 {New York},
  edition =	 {Second},
  OPTmonth = 	 {},
  OPTnote = 	 {},
  OPTannote = 	 {}
}

@Article{polyhazard,
  author = 	 {Louzada-Neto, F.},
  title = 	 {Polyhazard models for lifetime data},
  journal = 	 {Biometrics},
  year = 	 {1999},
  OPTkey = 	 {},
  volume =	 {55},
  pages =	 {1281-1285},
  OPTmonth = 	 {},
  OPTnote = 	 {},
  OPTannote = 	 {}
}

@Article{prentice:loggamma,
  title={{A log gamma model and its maximum likelihood estimation}},
  author={Prentice, R. L.},
  journal={Biometrika},
  volume={61},
  number={3},
  pages={539-544},
  year={1974},
  publisher={Biometrika Trust}
}

@Article{ccox:taxonomy:hazards,
  author = 	 {Cox, C. and Chu, H. and Schneider, M. F. and Mu√±oz, A.},
  title = 	 {Parametric survival analysis and taxonomy of hazard functions for the generalized gamma distribution},
  journal = 	 sim,
  year = 	 {2007}, 
  OPTkey = 	 {},
  volume =	 {26},
  OPTnumber = 	 {},
  pages =	 {4352-4374},
  OPTmonth = 	 {},
  OPTnote = 	 {},
  OPTannote = 	 {}
}

@Article{ccox:genf,
  author = 	 {Cox, C.},
  title = 	 {The generalized {F} distribution: An umbrella for parametric survival analysis},
  journal = 	 sim,
  year = 	 {2008},
  OPTkey = 	 {},
  volume =	 {27},
  OPTnumber =	 {},
  pages =	 {4301-4312},
  OPTmonth = 	 {},
  OPTnote = 	 {},
  OPTannote = 	 {}
}

@Article{stacy:gengamma,
  author = 	 {Stacy, E. W.},
  title = 	 {A generalization of the gamma distribution.},
  journal = 	 {Annals of Mathematical Statistics},
  year = 	 {1962},
  OPTkey = 	 {},
  OPTvolume = 	 {},
  number =	 {33},
  pages =	 {1187-92},
  OPTmonth = 	 {},
  OPTnote = 	 {},
  OPTannote = 	 {}
}

@book{nash,
  title={Compact numerical methods for computers: linear algebra and function minimisation},
  author={Nash, J. C.},
  year={1990},
  publisher={CRC Press}
}
